<record><leader>00000cas a22000007a 4500</leader><controlfield tag="001">13984451</controlfield><controlfield tag="008">860730d19351940mtuwr ne      0    0eng d</controlfield><datafield ind1=" " ind2=" " tag="010"><subfield code="a">sn 86075273 </subfield></datafield><datafield ind1=" " ind2=" " tag="040"><subfield code="a">MTL</subfield><subfield code="b">eng</subfield><subfield code="c">MTL</subfield><subfield code="d">OCLCQ</subfield></datafield><datafield ind1=" " ind2=" " tag="042"><subfield code="a">msc</subfield></datafield><datafield ind1="0" ind2="0" tag="245"><subfield code="a">Roosevelt County news.</subfield></datafield><datafield ind1=" " ind2=" " tag="260"><subfield code="a">Wolf Point, Mont. :</subfield><subfield code="b">Dolin Pub. Co.,</subfield><subfield code="c">-1940.</subfield></datafield><datafield ind1=" " ind2=" " tag="300"><subfield code="a">5 v. :</subfield><subfield code="b">ill.</subfield></datafield><datafield ind1=" " ind2=" " tag="310"><subfield code="a">Weekly</subfield></datafield><datafield ind1="0" ind2=" " tag="362"><subfield code="a">-v. 5, no. 34 (Jan. 11, 1940).</subfield></datafield><datafield ind1="1" ind2=" " tag="362"><subfield code="a">Began May 17, 1935.</subfield><subfield code="z">Cf. Gregory, W. Amer. newspapers, 1821-1936.</subfield></datafield><datafield ind1=" " ind2=" " tag="580"><subfield code="a">Merged with: Wolf Point herald, to form: Herald-news (Wolf Point, Mont.).</subfield></datafield><datafield ind1=" " ind2=" " tag="588"><subfield code="a">Description based on: Vol. 1, no. 17 (Sept. 19, 1935).</subfield></datafield><datafield ind1=" " ind2=" " tag="752"><subfield code="a">United States</subfield><subfield code="b">Montana</subfield><subfield code="c">Roosevelt</subfield><subfield code="d">Wolf Point.</subfield></datafield><datafield ind1="1" ind2="7" tag="785"><subfield code="t">Wolf Point herald</subfield><subfield code="w">(DLC)sn 86075272</subfield></datafield><datafield ind1="1" ind2="7" tag="785"><subfield code="t">Herald-news (Wolf Point, Mont.)</subfield><subfield code="w">(DLC)sn 86075271</subfield></datafield><datafield ind1="1" ind2=" " tag="029"><subfield code="a">AU@</subfield><subfield code="b">000023535632</subfield></datafield></record>